<?xml version="1.0" encoding="UTF-8"?><record xmlns="http://www.loc.gov/MARC21/slim" xmlns:cinclude="http://apache.org/cocoon/include/1.0" xmlns:zs="http://www.loc.gov/zing/srw/">
  <leader>00386cz  a2200133n  4500</leader>
  <controlfield tag="001">n 2002040513</controlfield>
  <controlfield tag="003">DLC</controlfield>
  <controlfield tag="005">20020926141714.0</controlfield>
  <controlfield tag="008">020912n| acannaabn          |n aaa      </controlfield>
  <datafield tag="010" ind1=" " ind2=" ">
    <subfield code="a">n 2002040513</subfield>
  </datafield>
  <datafield tag="040" ind1=" " ind2=" ">
    <subfield code="a">DLC</subfield>
    <subfield code="b">eng</subfield>
    <subfield code="c">DLC</subfield>
    <subfield code="d">DLC</subfield>
  </datafield>
  <datafield tag="053" ind1=" " ind2="0">
    <subfield code="a">PG3949.36.H36</subfield>
  </datafield>
  <datafield tag="100" ind1="1" ind2=" ">
    <subfield code="a">Z︠H︡enchenko, Viktor</subfield>
  </datafield>
  <datafield tag="670" ind1=" " ind2=" ">
    <subfield code="a">Z︠H︡enchenko, Viktor. Zorova poezii︠a︡, 2000:</subfield>
    <subfield code="b">t.p. (Viktor Z︠H︡enchenko)</subfield>
  </datafield>
</record>